%% LaTeX2e file `reference.bib'
%% generated by the `filecontents' environment
%% from source `yanputhesis-sample' on 2023/03/02.
%%
@software{NWPUThesisLaTeXTemplate,
  title     = {Yet Another {{\LaTeX}} Template for NPU Thesis},
  author    = {Shangkun Shen and Zhihe Wang and Jiduo Zhang and Weijia Zhang},
  month     = {11},
  year      = {2019},
  publisher = {Zenodo},
  journal   = {GitHub repository},
  doi       = {10.5281/zenodo.4159248},
  url       = {https://doi.org/10.5281/zenodo.4159248}
}